@INPROCEEDINGS{9225126,  author={Li, Feng and Yan, Xinteng and Xie, Yunyun and Sang, Zi and Yuan, Xiaoshu},  booktitle={2019 IEEE 8th International Conference on Advanced Power System Automation and Protection (APAP)},   title={A Review of Cyber-Attack Methods in Cyber-Physical Power System},   year={2019},  volume={},  number={},  pages={1335-1339},  doi={10.1109/APAP47170.2019.9225126}}

@article{yaacoub2020cyber,
  title={Cyber-physical systems security: Limitations, issues and future trends},
  author={Yaacoub, Jean-Paul A and Salman, Ola and Noura, Hassan N and Kaaniche, Nesrine and Chehab, Ali and Malli, Mohamad},
  journal={Microprocessors and microsystems},
  volume={77},
  pages={103201},
  year={2020},
  publisher={Elsevier}
}
@INPROCEEDINGS{9216454,  author={Alrefaei, Faisal and Alzahrani, Abdullah and Song, Houbing and Zohdy, Mohamed},  booktitle={2020 IEEE International IOT, Electronics and Mechatronics Conference (IEMTRONICS)},   title={Security of Cyber Physical Systems: Vulnerabilities, Attacks and Countermeasure},   year={2020},  volume={},  number={},  pages={1-6},  doi={10.1109/IEMTRONICS51293.2020.9216454}}

@ARTICLE{9019636,

  author={Cao, Liwei and Jiang, Xiaoning and Zhao, Yumei and Wang, Shouguang and You, Dan and Xu, Xianli},

  journal={IEEE Access}, 

  title={A Survey of Network Attacks on Cyber-Physical Systems}, 

  year={2020},

  volume={8},

  number={},

  pages={44219-44227},

  doi={10.1109/ACCESS.2020.2977423}}

@inproceedings{singh2020review,
  title={A review on cyber physical system attacks: Issues and challenges},
  author={Singh, Sunil and Yadav, Neha and Chuarasia, Pawan Kumar},
  booktitle={2020 International Conference on Communication and Signal Processing (ICCSP)},
  pages={1133--1138},
  year={2020},
  organization={IEEE}
}

@ARTICLE{9763485,  author={Duo, Wenli and Zhou, MengChu and Abusorrah, Abdullah},  journal={IEEE/CAA Journal of Automatica Sinica},   title={A Survey of Cyber Attacks on Cyber Physical Systems: Recent Advances and Challenges},   year={2022},  volume={9},  number={5},  pages={784-800},  doi={10.1109/JAS.2022.105548}}
@inproceedings{lu2013new,
  title={A new multilevel framework for cyber-physical system security},
  author={Lu, Tianbo and Xu, Bing and Guo, Xiaobo and Zhao, Lingling and Xie, Feng},
  booktitle={First international Workshop on the Swarm at the Edge of the Cloud},
  year={2013}
}
